%YAML 1.1
%TAG !u! tag:unity3d.com,2011:
--- !u!114 &-6840500032983107241
MonoBehaviour:
  m_ObjectHideFlags: 0
  m_CorrespondingSourceObject: {fileID: 0}
  m_PrefabInstance: {fileID: 0}
  m_PrefabAsset: {fileID: 0}
  m_GameObject: {fileID: 0}
  m_Enabled: 0
  m_EditorHideFlags: 0
  m_Script: {fileID: 11500000, guid: b6f67dff13e99014b8517f01ec19436a, type: 3}
  m_Name: Quest End
  m_EditorClassIdentifier: 
  graph: {fileID: 11400000}
  position: {x: 776, y: 600}
  ports:
    keys:
    - entry
    values:
    - _fieldName: entry
      _node: {fileID: -6840500032983107241}
      _typeQualifiedName: System.Int32, mscorlib, Version=4.0.0.0, Culture=neutral,
        PublicKeyToken=b77a5c561934e089
      connections:
      - fieldName: exit
        node: {fileID: -1959178757920216200}
        reroutePoints: []
      _direction: 0
      _connectionType: 0
      _typeConstraint: 0
      _dynamic: 0
  entry: 0
  speakerName: Rohan
  endDiaglogue: "No dobrze\u2026"
--- !u!114 &-6163871782147308391
MonoBehaviour:
  m_ObjectHideFlags: 0
  m_CorrespondingSourceObject: {fileID: 0}
  m_PrefabInstance: {fileID: 0}
  m_PrefabAsset: {fileID: 0}
  m_GameObject: {fileID: 0}
  m_Enabled: 1
  m_EditorHideFlags: 0
  m_Script: {fileID: 11500000, guid: 9c11644f58c227c41a2072390eff1c4f, type: 3}
  m_Name: Quest Dialogue
  m_EditorClassIdentifier: 
  graph: {fileID: 11400000}
  position: {x: -104, y: 312}
  ports:
    keys:
    - entry
    - exit
    values:
    - _fieldName: entry
      _node: {fileID: -6163871782147308391}
      _typeQualifiedName: System.Int32, mscorlib, Version=4.0.0.0, Culture=neutral,
        PublicKeyToken=b77a5c561934e089
      connections:
      - fieldName: exit
        node: {fileID: -4036987714001501440}
        reroutePoints: []
      _direction: 0
      _connectionType: 0
      _typeConstraint: 0
      _dynamic: 0
    - _fieldName: exit
      _node: {fileID: -6163871782147308391}
      _typeQualifiedName: System.Int32, mscorlib, Version=4.0.0.0, Culture=neutral,
        PublicKeyToken=b77a5c561934e089
      connections:
      - fieldName: entry
        node: {fileID: 6380555788871725643}
        reroutePoints: []
      _direction: 1
      _connectionType: 0
      _typeConstraint: 0
      _dynamic: 0
  entry: 0
  exit: 0
  speakerName: Rohan
  dialogueLine: "Tak, dzi\u0119kuj\u0119. Naprawd\u0119, nie wiem, jak mog\u0119
    si\u0119 odwdzi\u0119czy\u0107."
--- !u!114 &-4062662990516754139
MonoBehaviour:
  m_ObjectHideFlags: 0
  m_CorrespondingSourceObject: {fileID: 0}
  m_PrefabInstance: {fileID: 0}
  m_PrefabAsset: {fileID: 0}
  m_GameObject: {fileID: 0}
  m_Enabled: 1
  m_EditorHideFlags: 0
  m_Script: {fileID: 11500000, guid: 9c11644f58c227c41a2072390eff1c4f, type: 3}
  m_Name: Quest Dialogue
  m_EditorClassIdentifier: 
  graph: {fileID: 11400000}
  position: {x: 264, y: 344}
  ports:
    keys:
    - entry
    - exit
    values:
    - _fieldName: entry
      _node: {fileID: -4062662990516754139}
      _typeQualifiedName: System.Int32, mscorlib, Version=4.0.0.0, Culture=neutral,
        PublicKeyToken=b77a5c561934e089
      connections:
      - fieldName: exit
        node: {fileID: -1389269947842974649}
        reroutePoints: []
      _direction: 0
      _connectionType: 0
      _typeConstraint: 0
      _dynamic: 0
    - _fieldName: exit
      _node: {fileID: -4062662990516754139}
      _typeQualifiedName: System.Int32, mscorlib, Version=4.0.0.0, Culture=neutral,
        PublicKeyToken=b77a5c561934e089
      connections:
      - fieldName: entry
        node: {fileID: -1959178757920216200}
        reroutePoints: []
      _direction: 1
      _connectionType: 0
      _typeConstraint: 0
      _dynamic: 0
  entry: 0
  exit: 0
  speakerName: Rohan
  dialogueLine: "Wysy\u0142asz poszkodowanego na sprawunki?"
--- !u!114 &-4036987714001501440
MonoBehaviour:
  m_ObjectHideFlags: 0
  m_CorrespondingSourceObject: {fileID: 0}
  m_PrefabInstance: {fileID: 0}
  m_PrefabAsset: {fileID: 0}
  m_GameObject: {fileID: 0}
  m_Enabled: 1
  m_EditorHideFlags: 0
  m_Script: {fileID: 11500000, guid: 9c11644f58c227c41a2072390eff1c4f, type: 3}
  m_Name: Quest Dialogue
  m_EditorClassIdentifier: 
  graph: {fileID: 11400000}
  position: {x: -104, y: 72}
  ports:
    keys:
    - entry
    - exit
    values:
    - _fieldName: entry
      _node: {fileID: -4036987714001501440}
      _typeQualifiedName: System.Int32, mscorlib, Version=4.0.0.0, Culture=neutral,
        PublicKeyToken=b77a5c561934e089
      connections:
      - fieldName: exit
        node: {fileID: -3674431944766339368}
        reroutePoints: []
      _direction: 0
      _connectionType: 0
      _typeConstraint: 0
      _dynamic: 0
    - _fieldName: exit
      _node: {fileID: -4036987714001501440}
      _typeQualifiedName: System.Int32, mscorlib, Version=4.0.0.0, Culture=neutral,
        PublicKeyToken=b77a5c561934e089
      connections:
      - fieldName: entry
        node: {fileID: -6163871782147308391}
        reroutePoints: []
      _direction: 1
      _connectionType: 0
      _typeConstraint: 0
      _dynamic: 0
  entry: 0
  exit: 0
  speakerName: Serena
  dialogueLine: "Patrzcie, kogo tu przynios\u0142o. Mam nadziej\u0119, \u017Ce ju\u017C
    z Tob\u0105 lepiej."
--- !u!114 &-3674431944766339368
MonoBehaviour:
  m_ObjectHideFlags: 0
  m_CorrespondingSourceObject: {fileID: 0}
  m_PrefabInstance: {fileID: 0}
  m_PrefabAsset: {fileID: 0}
  m_GameObject: {fileID: 0}
  m_Enabled: 1
  m_EditorHideFlags: 0
  m_Script: {fileID: 11500000, guid: 93547d9d363813942a7ae36f06cc24f6, type: 3}
  m_Name: Start
  m_EditorClassIdentifier: 
  graph: {fileID: 11400000}
  position: {x: -392, y: 72}
  ports:
    keys:
    - exit
    values:
    - _fieldName: exit
      _node: {fileID: -3674431944766339368}
      _typeQualifiedName: System.Int32, mscorlib, Version=4.0.0.0, Culture=neutral,
        PublicKeyToken=b77a5c561934e089
      connections:
      - fieldName: entry
        node: {fileID: -4036987714001501440}
        reroutePoints: []
      _direction: 1
      _connectionType: 0
      _typeConstraint: 0
      _dynamic: 0
  exit: 0
--- !u!114 &-1964816397653220030
MonoBehaviour:
  m_ObjectHideFlags: 0
  m_CorrespondingSourceObject: {fileID: 0}
  m_PrefabInstance: {fileID: 0}
  m_PrefabAsset: {fileID: 0}
  m_GameObject: {fileID: 0}
  m_Enabled: 1
  m_EditorHideFlags: 0
  m_Script: {fileID: 11500000, guid: 9c11644f58c227c41a2072390eff1c4f, type: 3}
  m_Name: Quest Dialogue
  m_EditorClassIdentifier: 
  graph: {fileID: 11400000}
  position: {x: -104, y: 1032}
  ports:
    keys:
    - entry
    - exit
    values:
    - _fieldName: entry
      _node: {fileID: -1964816397653220030}
      _typeQualifiedName: System.Int32, mscorlib, Version=4.0.0.0, Culture=neutral,
        PublicKeyToken=b77a5c561934e089
      connections:
      - fieldName: exit
        node: {fileID: 3181743637622530296}
        reroutePoints: []
      _direction: 0
      _connectionType: 0
      _typeConstraint: 0
      _dynamic: 0
    - _fieldName: exit
      _node: {fileID: -1964816397653220030}
      _typeQualifiedName: System.Int32, mscorlib, Version=4.0.0.0, Culture=neutral,
        PublicKeyToken=b77a5c561934e089
      connections:
      - fieldName: entry
        node: {fileID: -1389269947842974649}
        reroutePoints: []
      _direction: 1
      _connectionType: 0
      _typeConstraint: 0
      _dynamic: 0
  entry: 0
  exit: 0
  speakerName: Serena
  dialogueLine: "Dramatyzujesz. Dostaniesz wyposa\u017Cenie, a zap\u0142acisz tylko
    u\u0142amek ceny i wy\u015Bwiadczysz kilka niewielkich przys\u0142ug."
--- !u!114 &-1959178757920216200
MonoBehaviour:
  m_ObjectHideFlags: 0
  m_CorrespondingSourceObject: {fileID: 0}
  m_PrefabInstance: {fileID: 0}
  m_PrefabAsset: {fileID: 0}
  m_GameObject: {fileID: 0}
  m_Enabled: 1
  m_EditorHideFlags: 0
  m_Script: {fileID: 11500000, guid: 9c11644f58c227c41a2072390eff1c4f, type: 3}
  m_Name: Quest Dialogue
  m_EditorClassIdentifier: 
  graph: {fileID: 11400000}
  position: {x: 264, y: 584}
  ports:
    keys:
    - entry
    - exit
    values:
    - _fieldName: entry
      _node: {fileID: -1959178757920216200}
      _typeQualifiedName: System.Int32, mscorlib, Version=4.0.0.0, Culture=neutral,
        PublicKeyToken=b77a5c561934e089
      connections:
      - fieldName: exit
        node: {fileID: -4062662990516754139}
        reroutePoints: []
      _direction: 0
      _connectionType: 0
      _typeConstraint: 0
      _dynamic: 0
    - _fieldName: exit
      _node: {fileID: -1959178757920216200}
      _typeQualifiedName: System.Int32, mscorlib, Version=4.0.0.0, Culture=neutral,
        PublicKeyToken=b77a5c561934e089
      connections:
      - fieldName: entry
        node: {fileID: -6840500032983107241}
        reroutePoints: []
      _direction: 1
      _connectionType: 0
      _typeConstraint: 0
      _dynamic: 0
  entry: 0
  exit: 0
  speakerName: Serena
  dialogueLine: "Sam m\xF3wi\u0142e\u015B, \u017Ce jeste\u015B zdrowy. Nie narzekaj,
    to najlepsza oferta"
--- !u!114 &-1389269947842974649
MonoBehaviour:
  m_ObjectHideFlags: 0
  m_CorrespondingSourceObject: {fileID: 0}
  m_PrefabInstance: {fileID: 0}
  m_PrefabAsset: {fileID: 0}
  m_GameObject: {fileID: 0}
  m_Enabled: 1
  m_EditorHideFlags: 0
  m_Script: {fileID: 11500000, guid: fdba0b1e29d7817428779cc27a3b150f, type: 3}
  m_Name: Quest Item
  m_EditorClassIdentifier: 
  graph: {fileID: 11400000}
  position: {x: 264, y: 72}
  ports:
    keys:
    - entry
    - exit
    values:
    - _fieldName: entry
      _node: {fileID: -1389269947842974649}
      _typeQualifiedName: System.Int32, mscorlib, Version=4.0.0.0, Culture=neutral,
        PublicKeyToken=b77a5c561934e089
      connections:
      - fieldName: exit
        node: {fileID: -1964816397653220030}
        reroutePoints: []
      _direction: 0
      _connectionType: 0
      _typeConstraint: 0
      _dynamic: 0
    - _fieldName: exit
      _node: {fileID: -1389269947842974649}
      _typeQualifiedName: System.Int32, mscorlib, Version=4.0.0.0, Culture=neutral,
        PublicKeyToken=b77a5c561934e089
      connections:
      - fieldName: entry
        node: {fileID: -4062662990516754139}
        reroutePoints: []
      _direction: 1
      _connectionType: 0
      _typeConstraint: 0
      _dynamic: 0
  entry: 0
  exit: 0
  questItem: {fileID: 11400000, guid: aaac793080bbef5429688a49bb987f6e, type: 2}
  speakerName: Serena
  dialogueLine: " Na pocz\u0105tek wystarczy mi troch\u0119 drewna."
--- !u!114 &11400000
MonoBehaviour:
  m_ObjectHideFlags: 0
  m_CorrespondingSourceObject: {fileID: 0}
  m_PrefabInstance: {fileID: 0}
  m_PrefabAsset: {fileID: 0}
  m_GameObject: {fileID: 0}
  m_Enabled: 1
  m_EditorHideFlags: 0
  m_Script: {fileID: 11500000, guid: 7f1db67368c5b5944addf91eafde426f, type: 3}
  m_Name: FirstQuest
  m_EditorClassIdentifier: 
  nodes:
  - {fileID: -3674431944766339368}
  - {fileID: -4036987714001501440}
  - {fileID: -6840500032983107241}
  - {fileID: -6163871782147308391}
  - {fileID: -1389269947842974649}
  - {fileID: 6380555788871725643}
  - {fileID: 3181743637622530296}
  - {fileID: -4062662990516754139}
  - {fileID: -1959178757920216200}
  - {fileID: -1964816397653220030}
  current: {fileID: -1389269947842974649}
--- !u!114 &3181743637622530296
MonoBehaviour:
  m_ObjectHideFlags: 0
  m_CorrespondingSourceObject: {fileID: 0}
  m_PrefabInstance: {fileID: 0}
  m_PrefabAsset: {fileID: 0}
  m_GameObject: {fileID: 0}
  m_Enabled: 1
  m_EditorHideFlags: 0
  m_Script: {fileID: 11500000, guid: 9c11644f58c227c41a2072390eff1c4f, type: 3}
  m_Name: Quest Dialogue
  m_EditorClassIdentifier: 
  graph: {fileID: 11400000}
  position: {x: -104, y: 792}
  ports:
    keys:
    - entry
    - exit
    values:
    - _fieldName: entry
      _node: {fileID: 3181743637622530296}
      _typeQualifiedName: System.Int32, mscorlib, Version=4.0.0.0, Culture=neutral,
        PublicKeyToken=b77a5c561934e089
      connections:
      - fieldName: exit
        node: {fileID: 6380555788871725643}
        reroutePoints: []
      _direction: 0
      _connectionType: 0
      _typeConstraint: 0
      _dynamic: 0
    - _fieldName: exit
      _node: {fileID: 3181743637622530296}
      _typeQualifiedName: System.Int32, mscorlib, Version=4.0.0.0, Culture=neutral,
        PublicKeyToken=b77a5c561934e089
      connections:
      - fieldName: entry
        node: {fileID: -1964816397653220030}
        reroutePoints: []
      _direction: 1
      _connectionType: 0
      _typeConstraint: 0
      _dynamic: 0
  entry: 0
  exit: 0
  speakerName: Rohan
  dialogueLine: "Ju\u017C zaczynam \u017Ca\u0142owa\u0107."
--- !u!114 &6380555788871725643
MonoBehaviour:
  m_ObjectHideFlags: 0
  m_CorrespondingSourceObject: {fileID: 0}
  m_PrefabInstance: {fileID: 0}
  m_PrefabAsset: {fileID: 0}
  m_GameObject: {fileID: 0}
  m_Enabled: 1
  m_EditorHideFlags: 0
  m_Script: {fileID: 11500000, guid: 9c11644f58c227c41a2072390eff1c4f, type: 3}
  m_Name: Quest Dialogue
  m_EditorClassIdentifier: 
  graph: {fileID: 11400000}
  position: {x: -104, y: 552}
  ports:
    keys:
    - entry
    - exit
    values:
    - _fieldName: entry
      _node: {fileID: 6380555788871725643}
      _typeQualifiedName: System.Int32, mscorlib, Version=4.0.0.0, Culture=neutral,
        PublicKeyToken=b77a5c561934e089
      connections:
      - fieldName: exit
        node: {fileID: -6163871782147308391}
        reroutePoints: []
      _direction: 0
      _connectionType: 0
      _typeConstraint: 0
      _dynamic: 0
    - _fieldName: exit
      _node: {fileID: 6380555788871725643}
      _typeQualifiedName: System.Int32, mscorlib, Version=4.0.0.0, Culture=neutral,
        PublicKeyToken=b77a5c561934e089
      connections:
      - fieldName: entry
        node: {fileID: 3181743637622530296}
        reroutePoints: []
      _direction: 1
      _connectionType: 0
      _typeConstraint: 0
      _dynamic: 0
  entry: 0
  exit: 0
  speakerName: Serena
  dialogueLine: "Znalaz\u0142oby si\u0119 par\u0119 mo\u017Cliwo\u015Bci\u2026"
