%YAML 1.1
%TAG !u! tag:unity3d.com,2011:
--- !u!114 &-1037120163976475601
MonoBehaviour:
  m_ObjectHideFlags: 0
  m_CorrespondingSourceObject: {fileID: 0}
  m_PrefabInstance: {fileID: 0}
  m_PrefabAsset: {fileID: 0}
  m_GameObject: {fileID: 0}
  m_Enabled: 1
  m_EditorHideFlags: 0
  m_Script: {fileID: 11500000, guid: 9c11644f58c227c41a2072390eff1c4f, type: 3}
  m_Name: Quest Dialogue
  m_EditorClassIdentifier: 
  graph: {fileID: 11400000}
  position: {x: 72, y: 152}
  ports:
    keys:
    - entry
    - exit
    values:
    - _fieldName: entry
      _node: {fileID: -1037120163976475601}
      _typeQualifiedName: System.Int32, mscorlib, Version=4.0.0.0, Culture=neutral,
        PublicKeyToken=b77a5c561934e089
      connections:
      - fieldName: exit
        node: {fileID: 2361210000486658487}
        reroutePoints: []
      _direction: 0
      _connectionType: 0
      _typeConstraint: 0
      _dynamic: 0
    - _fieldName: exit
      _node: {fileID: -1037120163976475601}
      _typeQualifiedName: System.Int32, mscorlib, Version=4.0.0.0, Culture=neutral,
        PublicKeyToken=b77a5c561934e089
      connections:
      - fieldName: entry
        node: {fileID: -198139839968028836}
        reroutePoints: []
      _direction: 1
      _connectionType: 0
      _typeConstraint: 0
      _dynamic: 0
  entry: 0
  exit: 0
  speakerName: Rohan
  dialogueLine: "Mam te zio\u0142a."
--- !u!114 &-198139839968028836
MonoBehaviour:
  m_ObjectHideFlags: 0
  m_CorrespondingSourceObject: {fileID: 0}
  m_PrefabInstance: {fileID: 0}
  m_PrefabAsset: {fileID: 0}
  m_GameObject: {fileID: 0}
  m_Enabled: 1
  m_EditorHideFlags: 0
  m_Script: {fileID: 11500000, guid: 9c11644f58c227c41a2072390eff1c4f, type: 3}
  m_Name: Quest Dialogue
  m_EditorClassIdentifier: 
  graph: {fileID: 11400000}
  position: {x: 72, y: 392}
  ports:
    keys:
    - entry
    - exit
    values:
    - _fieldName: entry
      _node: {fileID: -198139839968028836}
      _typeQualifiedName: System.Int32, mscorlib, Version=4.0.0.0, Culture=neutral,
        PublicKeyToken=b77a5c561934e089
      connections:
      - fieldName: exit
        node: {fileID: -1037120163976475601}
        reroutePoints: []
      _direction: 0
      _connectionType: 0
      _typeConstraint: 0
      _dynamic: 0
    - _fieldName: exit
      _node: {fileID: -198139839968028836}
      _typeQualifiedName: System.Int32, mscorlib, Version=4.0.0.0, Culture=neutral,
        PublicKeyToken=b77a5c561934e089
      connections:
      - fieldName: entry
        node: {fileID: 1983879603755158066}
        reroutePoints: []
      _direction: 1
      _connectionType: 0
      _typeConstraint: 0
      _dynamic: 0
  entry: 0
  exit: 0
  speakerName: Serena
  dialogueLine: "Mog\u0105 by\u0107, chocia\u017C mog\u0142yby by\u0107 lepszej jako\u015Bci.Lekarstwa
    nie b\u0119d\u0105 a\u017C tak skuteczne, jak chcia\u0142am."
--- !u!114 &11400000
MonoBehaviour:
  m_ObjectHideFlags: 0
  m_CorrespondingSourceObject: {fileID: 0}
  m_PrefabInstance: {fileID: 0}
  m_PrefabAsset: {fileID: 0}
  m_GameObject: {fileID: 0}
  m_Enabled: 1
  m_EditorHideFlags: 0
  m_Script: {fileID: 11500000, guid: 7f1db67368c5b5944addf91eafde426f, type: 3}
  m_Name: ThirdQuest
  m_EditorClassIdentifier: 
  nodes:
  - {fileID: 2361210000486658487}
  - {fileID: -1037120163976475601}
  - {fileID: 1983879603755158066}
  - {fileID: 3415945842979661353}
  - {fileID: -198139839968028836}
  - {fileID: 1440125346238814867}
  - {fileID: 4826525697350937457}
  current: {fileID: 0}
--- !u!114 &1440125346238814867
MonoBehaviour:
  m_ObjectHideFlags: 0
  m_CorrespondingSourceObject: {fileID: 0}
  m_PrefabInstance: {fileID: 0}
  m_PrefabAsset: {fileID: 0}
  m_GameObject: {fileID: 0}
  m_Enabled: 1
  m_EditorHideFlags: 0
  m_Script: {fileID: 11500000, guid: 9c11644f58c227c41a2072390eff1c4f, type: 3}
  m_Name: Quest Dialogue
  m_EditorClassIdentifier: 
  graph: {fileID: 11400000}
  position: {x: 440, y: 152}
  ports:
    keys:
    - entry
    - exit
    values:
    - _fieldName: entry
      _node: {fileID: 1440125346238814867}
      _typeQualifiedName: System.Int32, mscorlib, Version=4.0.0.0, Culture=neutral,
        PublicKeyToken=b77a5c561934e089
      connections:
      - fieldName: exit
        node: {fileID: 1983879603755158066}
        reroutePoints: []
      _direction: 0
      _connectionType: 0
      _typeConstraint: 0
      _dynamic: 0
    - _fieldName: exit
      _node: {fileID: 1440125346238814867}
      _typeQualifiedName: System.Int32, mscorlib, Version=4.0.0.0, Culture=neutral,
        PublicKeyToken=b77a5c561934e089
      connections:
      - fieldName: entry
        node: {fileID: 4826525697350937457}
        reroutePoints: []
      _direction: 1
      _connectionType: 0
      _typeConstraint: 0
      _dynamic: 0
  entry: 0
  exit: 0
  speakerName: Rohan
  dialogueLine: "Czy wtedy otrzymam ju\u017C ekwipunek?"
--- !u!114 &1983879603755158066
MonoBehaviour:
  m_ObjectHideFlags: 0
  m_CorrespondingSourceObject: {fileID: 0}
  m_PrefabInstance: {fileID: 0}
  m_PrefabAsset: {fileID: 0}
  m_GameObject: {fileID: 0}
  m_Enabled: 1
  m_EditorHideFlags: 0
  m_Script: {fileID: 11500000, guid: fdba0b1e29d7817428779cc27a3b150f, type: 3}
  m_Name: Quest Item
  m_EditorClassIdentifier: 
  graph: {fileID: 11400000}
  position: {x: 72, y: 632}
  ports:
    keys:
    - entry
    - exit
    values:
    - _fieldName: entry
      _node: {fileID: 1983879603755158066}
      _typeQualifiedName: System.Int32, mscorlib, Version=4.0.0.0, Culture=neutral,
        PublicKeyToken=b77a5c561934e089
      connections:
      - fieldName: exit
        node: {fileID: -198139839968028836}
        reroutePoints: []
      _direction: 0
      _connectionType: 0
      _typeConstraint: 0
      _dynamic: 0
    - _fieldName: exit
      _node: {fileID: 1983879603755158066}
      _typeQualifiedName: System.Int32, mscorlib, Version=4.0.0.0, Culture=neutral,
        PublicKeyToken=b77a5c561934e089
      connections:
      - fieldName: entry
        node: {fileID: 1440125346238814867}
        reroutePoints: []
      _direction: 1
      _connectionType: 0
      _typeConstraint: 0
      _dynamic: 0
  entry: 0
  exit: 0
  questItem: {fileID: 0}
  speakerName: Serena
  dialogueLine: "Ostatni\u0105 rzecz\u0105 s\u0105 sk\xF3ry z dzika, wa\u017Cne,
    aby by\u0142y w ca\u0142o\u015Bci."
--- !u!114 &2361210000486658487
MonoBehaviour:
  m_ObjectHideFlags: 0
  m_CorrespondingSourceObject: {fileID: 0}
  m_PrefabInstance: {fileID: 0}
  m_PrefabAsset: {fileID: 0}
  m_GameObject: {fileID: 0}
  m_Enabled: 1
  m_EditorHideFlags: 0
  m_Script: {fileID: 11500000, guid: 93547d9d363813942a7ae36f06cc24f6, type: 3}
  m_Name: Start
  m_EditorClassIdentifier: 
  graph: {fileID: 11400000}
  position: {x: -184, y: 152}
  ports:
    keys:
    - exit
    values:
    - _fieldName: exit
      _node: {fileID: 2361210000486658487}
      _typeQualifiedName: System.Int32, mscorlib, Version=4.0.0.0, Culture=neutral,
        PublicKeyToken=b77a5c561934e089
      connections:
      - fieldName: entry
        node: {fileID: -1037120163976475601}
        reroutePoints: []
      _direction: 1
      _connectionType: 0
      _typeConstraint: 0
      _dynamic: 0
  exit: 0
--- !u!114 &3415945842979661353
MonoBehaviour:
  m_ObjectHideFlags: 0
  m_CorrespondingSourceObject: {fileID: 0}
  m_PrefabInstance: {fileID: 0}
  m_PrefabAsset: {fileID: 0}
  m_GameObject: {fileID: 0}
  m_Enabled: 1
  m_EditorHideFlags: 0
  m_Script: {fileID: 11500000, guid: b6f67dff13e99014b8517f01ec19436a, type: 3}
  m_Name: Quest End
  m_EditorClassIdentifier: 
  graph: {fileID: 11400000}
  position: {x: 440, y: 632}
  ports:
    keys:
    - entry
    values:
    - _fieldName: entry
      _node: {fileID: 3415945842979661353}
      _typeQualifiedName: System.Int32, mscorlib, Version=4.0.0.0, Culture=neutral,
        PublicKeyToken=b77a5c561934e089
      connections:
      - fieldName: exit
        node: {fileID: 4826525697350937457}
        reroutePoints: []
      _direction: 0
      _connectionType: 0
      _typeConstraint: 0
      _dynamic: 0
  entry: 0
  speakerName: Serena
  endDiaglogue: "Wr\xF3\u0107 ze sk\xF3rami, a wszystko, czego potrzebujesz b\u0119dzie
    ju\u017C na Ciebie czeka\u0142o."
--- !u!114 &4826525697350937457
MonoBehaviour:
  m_ObjectHideFlags: 0
  m_CorrespondingSourceObject: {fileID: 0}
  m_PrefabInstance: {fileID: 0}
  m_PrefabAsset: {fileID: 0}
  m_GameObject: {fileID: 0}
  m_Enabled: 1
  m_EditorHideFlags: 0
  m_Script: {fileID: 11500000, guid: 9c11644f58c227c41a2072390eff1c4f, type: 3}
  m_Name: Quest Dialogue
  m_EditorClassIdentifier: 
  graph: {fileID: 11400000}
  position: {x: 440, y: 392}
  ports:
    keys:
    - entry
    - exit
    values:
    - _fieldName: entry
      _node: {fileID: 4826525697350937457}
      _typeQualifiedName: System.Int32, mscorlib, Version=4.0.0.0, Culture=neutral,
        PublicKeyToken=b77a5c561934e089
      connections:
      - fieldName: exit
        node: {fileID: 1440125346238814867}
        reroutePoints: []
      _direction: 0
      _connectionType: 0
      _typeConstraint: 0
      _dynamic: 0
    - _fieldName: exit
      _node: {fileID: 4826525697350937457}
      _typeQualifiedName: System.Int32, mscorlib, Version=4.0.0.0, Culture=neutral,
        PublicKeyToken=b77a5c561934e089
      connections:
      - fieldName: entry
        node: {fileID: 3415945842979661353}
        reroutePoints: []
      _direction: 1
      _connectionType: 0
      _typeConstraint: 0
      _dynamic: 0
  entry: 0
  exit: 0
  speakerName: Serena
  dialogueLine: 'Umowa to umowa. '
